@techreport{3dradarDX,
	author = {3D-RADAR},
    title = {DX antenna array series},
    year = {2015},
    publisher = {3D-RADAR AS},
    location = {Norway}
}

@techreport{3dradarDXG,
	author = {3D-RADAR},
    title = {DXG antenna array series},
    year = {2015},
    publisher = {3D-RADAR AS},
    location = {Norway}
}

@online{AustralianGovernment2016,
	author = {{Australian Government Department of Defence}},
	title = {Global operations},
	url = {http://www.defence.gov.au/operations/},
	year = {2016},
	urldate = {2016-28-05},
}

@online{baxter2012,
	author = {Baxter, A.},
	title = {'Panama' - Groundbreaking project aids UK troops},
	url = {http://www.ft.com/cms/s/0/e53c7e8a-2cec-11e2-beb2-00144feabdc0.html#axzz49IDfuMui},
	year = {2012},
	urldate = {2016-21-05},
}

@online{canada2004,
	author = {CASR},
	year = {2004},
	title = {ILDS Remote Detection Vehicle},
	url = {http://www.casr.ca/bg-army-ilds-remote-detection-vehicle.htm},
	urldate = {2016-21-05},
}

@techreport{Candy2008,
	author = {Candy, Bruce},
    title = {Metal detector basics and theory},
    year = {2008},
    publisher = {Minelab},
    location = {Adelaide}
}

@techreport{cinamGrillon,
	author = {Cinam},
    title = {Cinam grillon},
    year = {2016},
    publisher = {Cinam - Industrial Surveys and Regional Planning},
    location = {Montpellier, France}
}

@techreport{coulter1992,
	author = {Coulter, R},
    title = {Implementation of the pure pursuit path tracking algorithm},
    year = {1992},
    publisher = {Robotics Institute, Carnegie Mellon University},
    location = {Pittsburgh, Pennsylvania}
}

@inproceedings{cubber2014,
  title={Teodor - A Semi-Autonomous Search and Rescue and Demining Robot},
  author={De Cubber, G., and Balta, H., and Claude, L.},
  booktitle={6TH International Conference on Advanced Concepts on Mechanical Engineering},
  year={2014},
}

@article{fukushima2008,
  title={Humanitarian demining robot Gryphon - Current status and an objective evaluation},
  author={Fukushima, E.F., and Freese, M., and Matsuzawa, T., and Aibara, T., and Hirose, S.},
  journal={International Journal on Smart Sensing and Intelligent Systems},
  volume={1},
  number={3},
  pages={735--753},
  year={2008},
}

@online{general2009,
	author = {{General Dynamics}},
	title = {FORESIGHT Landmine Detection Systems},
	url = {http://qsine.ca/Downloads/ProjectILDS/ForesightR2.pdf},
	year = {2009},
	urldate = {2016-21-05},
}

@techreport{Giesbrecht2005,
	author = {Giesbrecht, J and Mackay, D and Collier, J and Verret, s},
    title = {Path tracking for unmanned ground vehicle navigation},
    year = {2005},
    publisher = {Defence Research and Development Canada},
    location = {Canada}
}

@book{habib2008,
	author = {Habib, M.K.},
	title = {Humanitarian Demining -  The Problem, Difficulties, Priorities, Demining
Technology and the Challenge for Robotics},
	editor = {Habib, M.K.},
	booktitle = { Humanitarian Demining - Innovative Solutions and the Challenges of Technology},
	publisher = {InTech},
	address = {Vienna},
	year = {2008},
	isbn = {978-3-902613-11-0},
	url = {http://cdn.intechweb.org/pdfs/805.pdf},
}

@online{hennessey2014,
	author = {Hennessey, M.},
	title = {Robot used for lifesaving humanitarian research in minesweeping},
	url = {http://www.clearpathrobotics.com/2014/01/minesweeping-robot/},
	year = {2014},
	urldate = {2016-21-05},
}

@techreport{Ho.etal2004,
	author = {Ho, K and Collins, L and Huettel, L and Gader, P},
    title = {Discrimination mode processing for EMI and GPR sensors for hand-held land mine detection},
    year = {2004},
    publisher = {IEE Electronics Letters},
    location = {ACTUALLY A JOURNAL ARTICLE??!}
}

@techreport{hovercraft2009,
	author = {Brown, R and Krieg, B and Kurji, R and Hocking, P and McLay, A and Norton, J},
	title = {Design and build of an autonomous hovercraft for landmine detection},
	year = {2009},
	publisher = {The University of Adelaide},
	location = {Adelaide, Australia}
}

@book{johnson2005pid,
  title={PID control},
  author={Johnson, Michael A and Moradi, Mohammad H},
  year={2005},
  publisher={Springer}
}

@techreport{Kruger2006,
	author = {Kruger, Hendrik and Ewald, Hartmut and Fechner, Thomas and Bergeler, Swen},
    title = {New signal processing for metal detectors in the humanitarian mine clearance},
    year = {2006},
    publisher = {ECNDT},
    location = {Rostock}
}

@online{landmineMonitor2015,
	author = {{Landmine \& Cluster Munition Monitor}},
	title = {Landmine Monitor 2015 - Major Findings},
	year = {2015}, 
	url = {http://www.the-monitor.org/en-gb/reports/2015/landmine-monitor-2015/major-findings.aspx},
	organization={Landmine and Cluster Munition Monitor},
	urldate = {2016-15-05},
}

@online{military2016,
	author = {ARG},
	title = {M1 Panther II},
	year = {2016}, 
	url = {http://www.military-today.com/engineering/m1_panther_2.htm},
	urldate = {2016-21-05},
}

@online{Nahrawy2011,
	author = {El-Nahrawy, M.},
	title = {Country Pasture/Forage Resource Profile},
	url = {http://www.fao.org/ag/agp/agpc/doc/counprof/egypt/egypt.html},
	organization = {Ministry of Agriculture \& Land Reclamation},
	year = {2011},
	urldate = {2016-11-05},
}

@online{niitek2015,
	author = {NIITEK},
	title = {Minestalker Series},
	url = {http://www.niitek.com/~/media/Files/N/Niitek/documents/minestalker.pdf},
	year = {2015},
	urldate = {2016-21-05},
}

@conference{portugal2014,
	author = {Portugal, D., and Marques, L., and Armada, M.},
	title = {Deploying Field Robots for Humanitarian Demining: Challenges, Requirements and Research Trends},
	booktitle = {Proceedings of the 17th International Conference on Climbing and Walking Robots (CLAWAR 2014)},
	year = {2014},
}

@techreport{Osumi1984,
	author = {Osumi, N and Ueno, K},
    title = {Microwave holographic imaging method with improved resolution},
    year = {1984},
    publisher = {IEEE Transactions on Antennas and Propagation},
    location = {ACTUALLY A JOURNAL ARTICLE??!}
}

@article{Rushfan2008,
	author = {Rushfan},
	title = {10 Countries with the most Landmines},
	url = {http://listverse.com/2008/08/11/10-countries-with-the-most-landmines/},
	organization = {Listverse},
	year = {2008},
	urldate = {2016-11-05},
}

@article{santos2007,
  title={A six-legged robot-based system for humanitarian demining missions},
  author={De Santos, P.G., and Cobano, J.A, and Garcia, E., and Estremera, J., and Armada, M.A.},
  journal={Mechatronics},
  issue={17},
  pages={417--430},
  year={2007},
}

@techreport{scheiner2011,
	author = {Scheiner, D},
	title = {Autonomous quad bike},
	year = {2011},
	publisher = {The University of Adelaide},
	location = {Adelaide, Australia},
}

@techreport{snider2009,
	author = {Snider, J},
    title = {Automatic steering methods for autonomous automobile path tracking},
    year = {2009},
    publisher = {Robotics Institute, Carnegie Mellon University},
    location = {Pittsburgh, Pennsylvania}
}

@online{think2012,
	author = {ThinkDefence},
	title = {IED's, Mines, Route Clearance and Talisman},
	url = {http://www.thinkdefence.co.uk/2012/07/ieds-mines-route-clearance-and-talisman/},
	year = {2012},
	urldate = {2016-21-05},
}

@techreport{Xu1990,
	author = {Xu, L and Oja, E and Kutltanen, P},
    title = {A new curve detection method: randomised Hough transform (RHT)},
    year = {1990},
    publisher = {Pattern Recognition Letters},
    location = {ACTUALLY A JOURNAL ARTICLE??!}
}

%This is a chapter from a book.
@techreport{Yarovoy2009,
	author = {Yarovoy, Alexander},
    title = {Landmine and unexploded ordnance detection and classification with ground penetrating radar},
    year = {2009},
    publisher = {Ground Penetrating Radar Theory and Applications},
}
%Conference paper
@inproceedings{zhang2010study,
  title={Study on steering actuator transfer function of picking mobile robot},
  author={Zhang, Zhiyong and He, Dongjian and Lu, Tien-Fu and Hashim, Sani},
  booktitle={Communications and Mobile Computing (CMC), 2010 International Conference on},
  volume={1},
  pages={200--204},
  year={2010},
  organization={IEEE}
}
%Conference paper
@inproceedings{zhang2009fuzzy,
  title={Fuzzy control of picking mobile robot throttle open rate},
  author={Zhang, Zhiyong and He, Dongjian and Lu, Tien-Fu and Liddy, Tommie},
  booktitle={Intelligent Computing and Intelligent Systems, 2009. ICIS 2009. IEEE International Conference on},
  volume={1},
  pages={170--174},
  year={2009},
  organization={IEEE}
}

@article{zhao2012design,
  title={Design of a control system for an autonomous vehicle based on Adaptive-PID},
  author={Zhao, Pan and Chen, Jiajia and Song, Yan and Tao, Xiang and Xu, Tiejuan and Mei, Tao},
  journal={International Journal of Advanced Robotic Systems},
  volume={9},
  year={2012},
  publisher={InTech}
}
